<?xml version="1.0" encoding="UTF-8"?><collection xmlns="http://www.loc.gov/MARC21/slim"><record><leader>00428nam--2200133-i-4500</leader><controlfield tag="001">000014468</controlfield><controlfield tag="002">20161230</controlfield><controlfield tag="005">20161230201030</controlfield><controlfield tag="008">060222s1000------------r-----000-0-eng-d</controlfield><datafield ind1=" " ind2=" " tag="080"><subfield code="a">623.454.8 (94)</subfield></datafield><datafield ind1=" " ind2=" " tag="245"><subfield code="a">British nuclear tests in australia, a review of operational safety measures and of possible after effects</subfield></datafield><datafield ind1=" " ind2=" " tag="260"><subfield code="a">Canberra, Australian Government Publishing Service, 1983 V + 76 P</subfield></datafield><datafield ind1=" " ind2=" " tag="490"><subfield code="a">Airac</subfield></datafield><datafield ind1=" " ind2=" " tag="852"><subfield code="a">71197</subfield></datafield></record></collection>